<?xml version="1.0" encoding="UTF-8"?><record xmlns="http://www.loc.gov/MARC21/slim" xmlns:cinclude="http://apache.org/cocoon/include/1.0" xmlns:zs="http://www.loc.gov/zing/srw/">
  <leader>00541cz  a2200145n  4500</leader>
  <controlfield tag="001">no 89003004 </controlfield>
  <controlfield tag="003">DLC</controlfield>
  <controlfield tag="005">20110304075206.0</controlfield>
  <controlfield tag="008">890306n| acannaabn          |a ana      </controlfield>
  <datafield tag="010" ind1=" " ind2=" ">
    <subfield code="a">no 89003004 </subfield>
  </datafield>
  <datafield tag="035" ind1=" " ind2=" ">
    <subfield code="a">(OCoLC)oca02474805</subfield>
  </datafield>
  <datafield tag="040" ind1=" " ind2=" ">
    <subfield code="a">DLC-S</subfield>
    <subfield code="b">eng</subfield>
    <subfield code="c">DLC-S</subfield>
    <subfield code="d">DLC-S</subfield>
  </datafield>
  <datafield tag="110" ind1="2" ind2=" ">
    <subfield code="a">Tongsŏ T'uja Kyŏngje Yŏn'guso (Korea)</subfield>
  </datafield>
  <datafield tag="410" ind1="2" ind2=" ">
    <subfield code="a">Dongsuh Investment Research Institute (Korea)</subfield>
  </datafield>
  <datafield tag="670" ind1=" " ind2=" ">
    <subfield code="a">Sangjang chusik tʻuja punsŏk, '88 pom:</subfield>
    <subfield code="b">cover (Tongsŏ Tʻuja Kyŏngje Yŏnʼguso; Dongsuh Investment Research Institute) colophon (Sŏul-si)</subfield>
  </datafield>
</record>